@article{einstein,
    author = {Einstein, Albert},
    title = {The General Theory of Relativity},
    journal = {Annalen der Physik},
    year = {1916},
    volume = {354},
    number = {7},
    pages = {769-822}
}

@book{knuth1984,
    author = {Ingo LÃ¼tkebohle},
  title = {{BWorld Robot Control Software}},
  url = {http://aiweb.techfak.uni-bielefeld.de/content/bworld-robot-control-software/},
  year = {2008}, 
  note = "Online; accessed 19-July-2008"
}

@inproceedings{lshort,
    author = {Patashnik, Oren and Hoenig, Jennifer and Daly, Eric},
    title = {The Not So Short Introduction to \LaTeX{}},
    booktitle = {Proceedings of the User-Friendly Conference},
    year = {2005}
}

@techreport{lamport1994,
    author = {Leslie Lamport},
    title = {\LaTeX: A Document Preparation System},
    institution = {Addison-Wesley},
    year = {1994}
}

